% MDS
@book{cox2000multidimensional,
  title={Multidimensional scaling},
  author={Cox, Trevor F and Cox, Michael AA},
  year={2000},
  publisher={Chapman and hall/CRC}
}

% zhouzhihua
@book{2016ml,
  title={机器学习},
  isbn={9787302423287},
  url={https://books.google.ae/books?id=j0G8nQAACAAJ},
  year={2006},
  publisher={清华大学出版社}
}

% edge-host partition
@INPROCEEDINGS{8639121,
author={J. H. {Ko} and T. {Na} and M. F. {Amir} and S. {Mukhopadhyay}},
booktitle={2018 15th IEEE International Conference on Advanced Video and Signal Based Surveillance (AVSS)},
title={Edge-Host Partitioning of Deep Neural Networks with Feature Space Encoding for Resource-Constrained Internet-of-Things Platforms},
year={2018},
volume={},
number={},
pages={1-6},
keywords={computer networks;Internet of Things;neural nets;edge platform;DNN;feature space encoding;edge-host partitioning;deep neural network;resource-constrained internet-of-things platforms;inference task;host platform;IoT environment;encoding pipeline;output feature space},
doi={10.1109/AVSS.2018.8639121},
ISSN={null},
month={Nov},}

% team net
@inproceedings{fang2019teamnet,
  title={TeamNet: A Collaborative Inference Framework on the Edge},
  author={Fang, Yihao and Jin, Ziyi and Zheng, Rong},
  booktitle={2019 IEEE 39th International Conference on Distributed Computing Systems (ICDCS)},
  pages={1487--1496},
  year={2019},
  organization={IEEE}
}

%bagging
@article{BreimanBagging,
  title={Bagging predictors},
  author={Breiman and Leo},
  journal={Machine Learning},
  volume={24},
  number={2},
  pages={123-140},
}

%boosting
@inproceedings{Schapire1989The,
  title={The strength of weak learnability},
  author={Schapire, R},
  year={1989},
}

%adaboosting
@inproceedings{Freund1995A,
  title={A decision-theoretic generalization of on-line learning and an application to boosting},
  author={Freund, Yoav and Schapire, Robert E.},
  booktitle={Proceedings of the Second European Conference on Computational Learning Theory},
  year={1995},
}

%Gradientboosting
@article{FriedmanGreedy,
  title={Greedy Function Approximation: A Gradient Boosting Machine},
  author={Friedman, Jerome H.},
  journal={Annals of Statistics},
  volume={29},
  number={5},
  pages={1189-1232},
}